@manual{ttc,
    title           = {Telemetry, Tracking and Command Module of the FloripaSat Project},
    organization    = {Space Technology Research Laboratory (SpaceLab)},
    year            = {2018},
    note            = {Available at <\href{https://github.com/spacelab-ufsc/ttc}{https://github.com/spacelab-ufsc/ttc}>}
}
